<record><leader>00000cas a22000007a 4500</leader><controlfield tag="001">14145664</controlfield><controlfield tag="008">860826d19431947nyuwr n       0    0eng d</controlfield><datafield ind1=" " ind2=" " tag="010"><subfield code="a">sn 86035098 </subfield></datafield><datafield ind1=" " ind2=" " tag="040"><subfield code="a">NYG</subfield><subfield code="b">eng</subfield><subfield code="c">NYG</subfield><subfield code="d">NYS</subfield><subfield code="d">OCLCQ</subfield></datafield><datafield ind1=" " ind2=" " tag="042"><subfield code="a">msc</subfield></datafield><datafield ind1="0" ind2="0" tag="245"><subfield code="a">Independent Republican and the Goshen Democrat.</subfield></datafield><datafield ind1="3" ind2="0" tag="246"><subfield code="a">Independent Republican and Goshen Democrat</subfield></datafield><datafield ind1=" " ind2=" " tag="260"><subfield code="a">Goshen, N.Y. :</subfield><subfield code="b">A. Lawrence Holmes,</subfield><subfield code="c">1943-1947.</subfield></datafield><datafield ind1=" " ind2=" " tag="300"><subfield code="a">v. :</subfield><subfield code="b">ill. ;</subfield><subfield code="c">71 cm.</subfield></datafield><datafield ind1=" " ind2=" " tag="310"><subfield code="a">Weekly</subfield></datafield><datafield ind1="0" ind2=" " tag="362"><subfield code="a">Vol. 1, no. 1 (Oct. 7, 1943)- ; -v. 134, no. 52 (Dec. 25, 1947).</subfield></datafield><datafield ind1=" " ind2=" " tag="515"><subfield code="a">Volume numbering irregular.</subfield></datafield><datafield ind1=" " ind2="4" tag="651"><subfield code="a">Goshen (N.Y.)</subfield><subfield code="v">Newspapers.</subfield></datafield><datafield ind1=" " ind2=" " tag="752"><subfield code="a">United States</subfield><subfield code="b">New York</subfield><subfield code="c">Orange</subfield><subfield code="d">Goshen.</subfield></datafield><datafield ind1="0" ind2="0" tag="780"><subfield code="t">Goshen Democrat &amp; independent Republican</subfield><subfield code="w">(DLC)sn 86035097</subfield><subfield code="w">(OCoLC)14145552</subfield></datafield><datafield ind1="0" ind2="0" tag="785"><subfield code="t">Independent Republican (Goshen, N.Y. : 1948)</subfield><subfield code="w">(DLC)sn 88075851</subfield></datafield><datafield ind1="1" ind2=" " tag="029"><subfield code="a">AU@</subfield><subfield code="b">000025807761</subfield></datafield></record>